<?xml version="1.0" encoding="UTF-8"?><collection xmlns="http://www.loc.gov/MARC21/slim"><record><leader>00507nam--2200145-i-4500</leader><controlfield tag="001">000009192</controlfield><controlfield tag="002">20161230</controlfield><controlfield tag="005">20161230201028</controlfield><controlfield tag="008">060222s1000------------r-----000-0-eng-d</controlfield><datafield ind1=" " ind2=" " tag="080"><subfield code="a">621.039.524.44</subfield></datafield><datafield ind1=" " ind2=" " tag="100"><subfield code="a">Andersen, E</subfield></datafield><datafield ind1=" " ind2=" " tag="245"><subfield code="a">Topics in light water reactor physics. final report of the nora project. the summary report of the nora international reactor physics pro ject for the second project period 1964-1968 written by ..</subfield></datafield><datafield ind1=" " ind2=" " tag="260"><subfield code="a">Vienna, I.A.E.A., 1970 110 P</subfield></datafield><datafield ind1=" " ind2=" " tag="490"><subfield code="a">113</subfield></datafield><datafield ind1=" " ind2=" " tag="852"><subfield code="a">1875</subfield></datafield></record></collection>